@techreport { BALE2014,
  author       = {Bale, A}, 
  title        = {BitVote, Vote With Your Live},
  year         = 2014,
  month        = 6,
  day          = 11,
  note         = {Louisville, Kentucky, United States of America}
}

@thesis { BORGSTRUP2014,
  author       = {Borgstrup, J}, 
  title        = {Private, Trustless And Decentralized Message Consensus And Voting Schemes},
  year         = 2014,
  month        = 11,
  day          = 23,
  note         = {University of Copenhagen, Denmark}
}

@techreport { BUTERIN2014,
  author       = {Vitalik Buterin}, 
  title        = {A Next-Generation Smart Contract And Decentralized Application Platform},
  year         = 2014,
  month        = 1,
  day          = 11,
  note         = {Ethereum Project: http://vbuterin.com/ethereum.html}
}

@online { BUTERIN2015,
    author = {Vitalik Buterin},
    title = {Understanding Serenity, Part I: Abstraction},
    month = 12,
    year = 2015,
    url = {https://blog.ethereum.org/2015/12/24/understanding-serenity-part-i-abstraction/}
}

@online { COYNE2015,
    author = {Cyone, C},
    title = {New Voting System Proposed For 2016 SGA Elections},
    month = 1,
    year = {2015},
    url = {http://www.test.org/doe/},
    address = {Morgantown, West Virginia, United States of America}
}

@online { DEMOCRACYOS2015A,
    author = {Anonymous},
    title = {Blockchain support for DemocracyOS},
    month = 3,
    year = {2015},
    url = {http://blog.democracyos.org/post/114076491913/blockchain-support-for-democracyos-we-want-to-add},
    address = {Buenos Aires, Argentina}
}

@online { DEMOCRACYOS2015B,
    author = {Ananymous},
    title = {Why blockchain support for DemocracyOS},
    month = jun,
    year = {2015},
    url = {http://blog.democracyos.org/post/122357355613/were-making-a-live-hangout-to-talk-decentralized},
    address = {Buenos Aires, Argentina}
}

@online { ELVIRA2013,
    author = {Elvira, ER},
    title = {A Bitcoin Based, Completely Distributed Voting System},
    month = nov,
    year = {2013},
    url = {https://blog.agoravoting.org/index.php/2013/11/28/a-bitcoin-based-completely-distributed-voting-system/},
    address = {Madrid, Spain}
}

@online { EPIE2015,
    author = {Nicolas Loubet and Clément Epié},
    title = {Blockchain and Beyond, Version 1.0},
    month = dec,
    year = {2015},
    url = {http://www.test.org/doe/},
    address = {Paris, France}
}

@thesis { ERFURT2015,
    author = {Denis Erfurt},
    title = {Ein dezentrales Transitionssystem zur Manipulation von geteilten Wörtern einer regulären Sprache},
    month = jun,
    year = {2015},
    school       = {Humboldt University},
    address      = {Berlin, Germany}
}

@techreport { ERFURT2016,
  author       = {Denis Erfurt}, 
  title        = {Efficient Decentral Governance of Structured Data},
  year         = 2016,
  month        = 3,
  day          = 21,
  note         = {http://memhub.io/whitepaper},
  address = {Berlin, Germany}
}

@techreport { ERNEST2014,
  author       = {Ernest, AK}, 
  title        = {The Key To Unlocking The Black Box: Why The World Needs A Transparent Voting DAC},
  year         = 2014,
  month        = 7,
  url = {https://followmyvote.com/wp-content/uploads/2014/08/The-Key-To-Unlocking-The-Black-Box-Follow-My-Vote.pdf},
  institution = {Follow My Vote},
  address = {Blacksburg, Virginia, United States of America}
}

@techreport { ERNEST2016,
  author       = {Ernest, AK}, 
  title        = {Report On Secure Voting, A Guide To Secure onlinevoting In Elections},
  year         = 2016,
  month        = jan,
  url = {https://webrootsdemocracy.files.wordpress.com/2016/01/secure-voting-webroots-democracy.pdf},
  institution = {Webroots Democracy},
  address = {United Kingdom}
}

@online { HOURT2015A,
    author = {Hourt, N},
    title = {End to End Verified Voting On A Blockchain},
    month = sep,
    year = {2015},
    url = {https://youtu.be/EE2mWoio7po},
    institution = {Follow My Vote}
}

@online { HOURT2015B,
    author = {Hourt, N},
    title = {How Our Voter Registration Process Works},
    month = dec,
    year = {2015},
    url = {https://youtu.be/GcAz9mZW1_c},
    institution = {Follow My Vote}
}

@techreport { JOHNSTON2013,
  author       = {David Johnston and Sam Onat Yilmaz and Jeremy Kandah and Nikos Bentenitis and Farzad Hashemi and Ron Gross and Shawn Wilkinson and Steven Mason}, 
  title        = {The General Theory of Decentralized Applications, Dapps},
  year         = 2013,
  month        = nov,
  url = {https://github.com/DavidJohnstonCEO/DecentralizedApplications},
  institution = {DAppsFund},
  address = {Austin, Texas, United States of America}
}

@online { KAYE2014,
    author = {Kaye, M},
    title = {A First Attempt To Describe The Neutral Voting Bloc},
    month = 7,
    year = {2014},
    url = {http://nvbloc.org/posts/2015/8/23/a-first-attempt-to-describe-the-neutral-voting-bloc},
    institution = {VoteFlux},
    address = {sydney, Australia}
}

@online { KAYE2016,
  author = {Kaye, M},
  title = {Public VoteFlux Slack Channel Archive (\#general)},
  year = {2016},
  month = 3,
  institution = {VoteFlux},
  address = {Sydney, Australia}
}

@online { KONASHEVYCH2016,
  author = {Oleksii Konashevych},
  title = {What we are doing},
  year = {2016},
  month = feb,
  institution = {E-Vox.org},
  url = {http://e-vox.org/what-are-we-doing/},
  address = {Kiev, Ukraine}
}

@online { LARIMER2016,
  author = {Larimer, D},
  title = {How To Build A Decentralized Application Without Fees},
  year = 2016,
  month = feb,
  institution = {Bitshares},
  address = {Blacksburg, Virginia, United States of America},
  url = {http://bytemaster.github.io/article/2016/02/10/How-to-build-a-decentralized-application-without-fees/}
}

@online { LEVEL2014,
  author = {Level, C},
  title = {VoteCoin, A fair, transparent, practical solution to fix modern voting},
  year = 2014,
  month = dec,
  institution = {VoteCoin},
  address = {Blacksburg, Virginia, United States of America},
  url = {https://votecoin.wordpress.com/about/}
}

@online { MANCINI2015A,
  author = {Mancini, P},
  title = {Blockchain Support For Open Source Platform Democracyos},
  year = 2015,
  month = 3,
  institution = {Newschallenge},
  address = {San Francisco, California, United States of America},
  url = {https://www.newschallenge.org/challenge/elections/entries/blockchain-support-for-open-source-platform-democracyos}
}

@online { MANCINI2015B,
  author = {Mancini, P and Siri, S},
  title = {Power In Your Hands, A Decentralized Global Commons Of Peers},
  year = 2015,
  institution = {Democracy Earth},
  address = {San Francisco, California, United States of America}
}

@techreport { MARGOT-DUCLOT2015,
  author       = {Margot-Duclot, L}, 
  title        = {Nemos},
  year         = 2015,
  address = {Paris, France}
}

@online { MONEGRO2014,
  author = {Monegro, J},
  title = {The Blockchain Application Stack},
  year = 2014,
  month = Nov,
  address = {New York, United States of America},
  institution = {Union Square Ventures},
  url = {http://joel.mn/post/103546215249/the-blockchain-application-stack}
}

@techreport{ NAKAMOTO2008,
    author = {Satoshi Nakamoto},
    title = {Bitcoin: A peer-to-peer electronic cash system},
    url = {https://bitcoin.org/bitcoin.pdf},
    year = {2008},
    month = oct,
    day = 31,
    institution = {Metzdowd Cryptography Mailing List}
}

@techreport{ NOIZAT2014,
    author = {Pierre Noizat},
    title = {Blockchain Electronic Vote},
    url = {http://www.the-blockchain.com/docs/blockchain-electronic-vote.pdf},
    year = {2014},
    month = 7,
    day = 30,
    institution = {Unchain.Voting},
    address = {Paris, France}
}

@techreport{ ROCKWELL2014,
    author = {Rockwell, M},
    title = {BitCongress, Whitepaper, Blockchain Based Voting System},
    year = {2014},
    month = 10,
    day = 16,
    institution = {Bitcoin Kinetics},
    address = {Beaverton, Oregon, United States of America}
}

@online { SCHIENER2015A,
  author = {Dominik Schiener},
  title = {Public Votes, Ethereum-based Voting Application},
  year = 2015,
  month = 10,
  day = 28,
  address = {South Tyrol, Italy},
  url = {https://medium.com/@DomSchiener/publicvotes-ethereum-based-voting-application-3b691488b926#.umghigcfn}
}

@online { SCHIENER2015B,
  author = {Dominik Schiener},
  title = {Voting on the Ethereum Blockchain, An Analysis},
  year = 2015,
  month = 11,
  day = 7,
  address = {South Tyrol, Italy},
  url = {https://www.linkedin.com/pulse/voting-ethereum-blockchain-analysis-dominik-schiener}
}

@techreport{ SCOTT2016,
    author = {Bredd Scott},
    title = {How Can Cryptocurrency And Blockchain Technology Play A Role In Building Social And Solidarity Finance, Working Paper~2016-1},
    year = {2016},
    month = feb,
    day = 25,
    institution = {United Nations Research Institute for Social Development},
    url = {https://ccednet-rcdec.ca/sites/ccednet-rcdec.ca/files/how_can_cryptocurrency_and_blockchain_technology_play_a_role_in_building_social_and_solidarity_finance.pdf},
    address = {Geneva, Switzerland}
}

@online { VARSHNEYA2015,
   author = {A.J. Varshneya and Sugat Poudel and Xhama Vyas},
   title = {Blockchain Voting, CS4501 Cryptocurrency Cabal},
   year = 2015,
   month = dec,
   day = 7,
   institution = {University of Virginia},
   url = {http://bitcoin-class.org/projects/voting.pdf}
}

@techreport{ WOOD2014,
    author = {Gavin Wood},
    title = {Ethereum, A Secure Decentralised Generalised Transaction Ledger},
    year = {2014},
    month = 4,
    day = 6,
    institution = {Ethereum Project},
    url = {http://gavwood.com/paper.pdf}
}


@INPROCEEDINGS{ Naveen05,
    author = {Chris Karlof Naveen and Naveen Sastry and David Wagner},
    title = {Cryptographic Voting Protocols: A Systems Perspective},
    booktitle = {In USENIX Security Symposium, number 3444 in Lecture Notes in Computer Science},
    year = {2005},
    pages = {33--50},
    publisher = {Springer Verlag}
}